<?xml version="1.0" encoding="UTF-8"?>
<collection xmlns:xsi="http://www.w3.org/2001/XMLSchema-instance" xsi:schemaLocation="http://www.loc.gov/MARC21/slim http://www.loc.gov/standards/marcxml/schema/MARC21slim.xsd" xmlns="http://www.loc.gov/MARC21/slim">
<record>
  <leader>00631cam a22002051  4500</leader>
  <controlfield tag="001">3059364</controlfield>
  <controlfield tag="003">NNC</controlfield>
  <controlfield tag="005">20150920222916.0</controlfield>
  <controlfield tag="008">010806m19241926ua            000 0 ara d</controlfield>
  <datafield tag="035" ind1=" " ind2=" ">
    <subfield code="a">(OCoLC)ocm47722889</subfield>
  </datafield>
  <datafield tag="035" ind1=" " ind2=" ">
    <subfield code="9">ATM7985CU</subfield>
  </datafield>
  <datafield tag="035" ind1=" " ind2=" ">
    <subfield code="a">(NNC)3059364</subfield>
  </datafield>
  <datafield tag="040" ind1=" " ind2=" ">
    <subfield code="a">ZCU</subfield>
    <subfield code="c">ZCU</subfield>
  </datafield>
  <datafield tag="099" ind1=" " ind2=" ">
    <subfield code="a">893.799</subfield>
    <subfield code="a">Is6</subfield>
  </datafield>
  <datafield tag="100" ind1="1" ind2=" ">
    <subfield code="a">Isnawī, ʻAbd al-Raḥīm ibn al-Ḥasan,</subfield>
    <subfield code="d">1305-1370.</subfield>
  </datafield>
  <datafield tag="245" ind1="1" ind2="0">
    <subfield code="a">Nihāyat al-sūl fī sharh minhāj al-ʾuṣul.</subfield>
  </datafield>
  <datafield tag="260" ind1=" " ind2=" ">
    <subfield code="a">Cairo,</subfield>
    <subfield code="b">Al-Maṭb. al-Salafīyah,</subfield>
    <subfield code="c">1343-45 [A.D. 1924-26]</subfield>
  </datafield>
  <datafield tag="300" ind1=" " ind2=" ">
    <subfield code="a">4 v. in 2.</subfield>
  </datafield>
  <datafield tag="500" ind1=" " ind2=" ">
    <subfield code="a">Commentary on 'Abd Allāh ibn ʻUmar al-Baidhāvī.</subfield>
  </datafield>
  <datafield tag="955" ind1=" " ind2=" ">
    <subfield code="b">0061919926</subfield>
    <subfield code="d">glx</subfield>
    <subfield code="e">893.799 Is6</subfield>
    <subfield code="v">v.1-2</subfield>
  </datafield>
</record>
</collection>